@BOOK{DUMMY:1,
AUTHOR="John Doe",
TITLE="The Book without Title",
PUBLISHER="Dummy Publisher",
YEAR="2100",
}

@MISC{scanner_korean,
	HOWPUBLISHED = "\url{https://youtu.be/bxOtIgJ_5OA?t=12}",
	NOTE = "Visited 19th September 2020"
}

@MISC{meshroom_structlight,
	HOWPUBLISHED = "\url{https://github.com/alicevision/meshroom/wiki/Projected-Light-Patterns}",
	NOTE = "Visited 4th October 2020"
}
